@inproceedings{example,
  title={Quantum SDN},
  author={Pippo, P and Pluto P},
  booktitle={Quantum Society Summer Topical Meeting Series},
  pages={242--243},
  year={2020},
  organization={IEEE}
}

@article{ein05,
title={Title of publication},
author={Albert Einstein and Pluto Pippo},
year={1905},
pages={102-203},
journal={Annals of Physics}
}
%%%%%%%%%%%%%%%%%%%%%%%%%%%%%%%%%%%%%%%%%%%%%%%
@misc{nakamoto2008bitcoin,
  author = {Satoshi Nakamoto},
  title = {Bitcoin: A Peer-to-Peer Electronic Cash System},
  year = {2008},
  month = {Oct},
  url = {https://bitcoin.org/bitcoin.pdf}
}
@book{thebookofsatoshi,
    author = {Champagne, P.},
    title = {The Book Of Satoshi},
    edition = "First",
    publisher = "Wren Investment Group, LLC",
    year = "2014"
}
@book{masteringbitcoin,
author = {Antonopoulos, Andreas M.},
title = {Mastering Bitcoin: Unlocking Digital Crypto-Currencies},
year = {2014},
isbn = {1449374042},
publisher = {O'Reilly Media, Inc.},
edition = {1st},
}
@misc{back2002hashcash,
  author = {Adam Back and others},
  title = {Hashcash-a denial of service counter-measure},
  year = {2002},
  url = {http://www.hashcash.org/papers/hashcash.pdf},
}
@article{journals/toplas/LamportSP82,
  added-at = {2018-11-14T00:00:00.000+0100},
  author = {Lamport, Leslie and Shostak, Robert E. and Pease, Marshall C.},
  biburl = {https://www.bibsonomy.org/bibtex/28137f9567e62169e92e22ba060761120/dblp},
  ee = {https://www.wikidata.org/entity/Q55879356},
  interhash = {729e7f793ab0a2b84ac8920f45d0ac07},
  intrahash = {8137f9567e62169e92e22ba060761120},
  journal = {ACM Trans. Program. Lang. Syst.},
  keywords = {dblp},
  number = 3,
  pages = {382-401},
  timestamp = {2018-11-15T15:39:31.000+0100},
  title = {The Byzantine Generals Problem.},
  url = {http://dblp.uni-trier.de/db/journals/toplas/toplas4.html#LamportSP82},
  volume = 4,
  year = 1982
}
@book{bitcoinstandard,
author = {Ammous, Saifedean},
title = {The Bitcoin Standard: The Decentralized Alternative to Central Banking},
year = {2018},
isbn = {1119473861},
publisher = {Wiley Publishing},
edition = {1st},
}
@book{bitcoinmininghandbook,
author = {Frumkin, Daniel},
title = {Bitcoin Mining Handbook},
year = {2022},
isbn = {987-80-907975-9-8},
publisher = {Braiins Publishing},
edition = {1st},
}
@article{bitcoinpooledmining,
  author = {Meni Rosenfeld},
  title = {Analysis of Bitcoin pooled mining reward systems},
  journal = {arXiv preprint arXiv:1112.4980},
  year = {2011},
  url = {https://arxiv.org/pdf/1112.4980.pdf},
}
@misc{Charles2013,
  author = {Charles, P.W.D.},
  title = {Project Title},
  year = {2013},
  publisher = {GitHub},
  journal = {GitHub repository},
  howpublished = {\url{https://github.com/charlespwd/project-title}},
  commit = {4f57d6a0e4c030202a07a60bc1bb1ed1544bf679}
}
@misc{m0mchilbitcoingetwork,
	author = {m0mchil},
	title = {{G}it{H}ub - m0mchil/bitcoin-getwork: bitcoin getwork patch --- github.com},
	howpublished = {\url{https://github.com/m0mchil/bitcoin-getwork}},
	year = {2010},
}
@misc{m0mchilpoclbm,
	author = {m0mchil},
	title = {{G}it{H}ub - m0mchil/poclbm: {P}y{O}pen{C}{L} bitcoin miner --- github.com},
	howpublished = {\url{https://github.com/m0mchil/poclbm}},
}
@misc{bitcoinblockheader,
	title = {{B}lock {C}hain - {B}itcoin --- developer.bitcoin.org},
	howpublished = {\url{https://developer.bitcoin.org/reference/block_chain.html#block-headers}},
}
@misc{bitcoinpizzas,
  author = "laszlo",
  title = {{P}izza for bitcoins? --- bitcointalk.org},
  howpublished = {\url{https://bitcointalk.org/index.php?topic=137.0}},
  month =        May,
  year =         "2010",
  bibdate =      "May 18, 2010, 12:35:20 AM",
}
@misc{btcinformationByteOrder,
	author = {},
	title = {{R}{P}{C} {B}yte {O}rder - {B}itcoin {G}lossary --- btcinformation.org},
	howpublished = {\url{https://btcinformation.org/en/glossary/rpc-byte-order}},
}
@misc{bitcointalkMiningProtocol,
	author = {Luke-Jr},
	title = {{M}ining protocol extension: noncerange --- bitcointalk.org},
	howpublished = {\url{https://bitcointalk.org/index.php?topic=24336.0}},
}
@misc{bitcoinGetworkBitcoin,
	author = {},
	title = {{G}etwork - {B}itcoin {W}iki --- en.bitcoin.it},
	howpublished = {\url{https://en.bitcoin.it/wiki/Getwork}},
}
@misc{bitcointalkXRollNtimeExtension,
	author = {Luke-Jr},
	title = {{X}-{R}oll-{N}time extension --- bitcointalk.org},
	howpublished = {\url{https://bitcointalk.org/index.php?topic=22561.0}},
}
@misc{bitcoincorepull2905,
	author = {jgarzik},
	title = {{R}{P}{C}: {R}emove 'getwork' deprecated mining protocol by jgarzik Â· {P}ull {R}equest \#2905 - bitcoin/bitcoin --- github.com},
	howpublished = {\url{https://github.com/bitcoin/bitcoin/pull/2905}},
}
@misc{bitcointalkRFCRemoval,
	author = {jgarzik},
	title = {[{R}{F}{C}] removal of "getwork"; {R}{P}{C} mining protocol --- bitcointalk.org},
	howpublished = {\url{https://bitcointalk.org/index.php?topic=277631.0}},
	year = {2013},
    month = Aug,
}
@misc{bitcointalkDecentralizedMining,
	author = {Luke-Jr},
	title = {{D}ecentralized mining protocol standard: getblocktemplate ({A}{S}{I}{C} ready!) --- bitcointalk.org},
	howpublished = {\url{https://bitcointalk.org/index.php?topic=108854.0}},
	year = {2012},
    month = Sep
}
@misc{bitcointalkGetwork,
	author = {satoshi},
	title = {{N}ew getwork --- bitcointalk.org},
	howpublished = {\url{https://bitcointalk.org/index.php?topic=1901}},
	year = {2010},
    month = nov
}
@misc{bitnodesGlobalBitcoin,
	author = {Addy Yeow},
	title = {{G}lobal {B}itcoin {N}odes - {B}itnodes --- bitnodes.io},
	howpublished = {\url{https://bitnodes.io/nodes/all/}},
}
@misc{bitcoinopsTransactionBloom,
	author = {Bitcoin Optech},
	title = {{T}ransaction bloom filtering --- bitcoinops.org},
	howpublished = {\url{https://bitcoinops.org/en/topics/transaction-bloom-filtering/}},
}
@misc{thebitcoinlegacyprojectBitcoinLegacy,
	author = {Bitcoin Legacy Project},
	title = {{T}he {B}itcoin {L}egacy {P}roject --- thebitcoinlegacyproject.org},
	howpublished = {\url{https://www.thebitcoinlegacyproject.org/}},
}
@misc{block328733,
  title = {mempool - {B}itcoin {E}xplorer --- mempool.space},
  howpublished = {\url{https://mempool.space/block/00000000000000000cca48eb4b330d91e8d946d344ca302a86a280161b\\0bffb6?showDetails=true#details}},
}
@misc{cointelegraphWhatBitcoin,
	author = {Emi Lacapra},
	title = {{W}hat are {B}itcoin improvement proposals ({B}{I}{P}s), and how do they work? --- cointelegraph.com},
	howpublished = {\url{https://cointelegraph.com/explained/what-are-bitcoin-improvement-proposals-bips-and-how-do-they-work}},
}
@misc{bitcoinBitcoinQtVersion,
	title = {{B}itcoin-{Q}t version 0.7.0 released --- bitcoin.org},
	howpublished = {\url{https://bitcoin.org/en/release/v0.7.0\#bitcoin-improvement-proposals-implemented}},
	year = {2012},
}
@misc{bitcoin0023Bitcoin,
	title = {{B}{I}{P} 0023 - {B}itcoin {W}iki --- en.bitcoin.it},
	howpublished = {\url{https://en.bitcoin.it/wiki/BIP_0023\#Mutations}},
}
@misc{bitcoinBlockChain,
	title = {{B}lock {C}hain - {B}itcoin --- developer.bitcoin.org},
	howpublished = {\url{https://developer.bitcoin.org/reference/block\_chain.html\#serialized-blocks}},
}
@misc{bitcointalkANNStratum,
	author = {Marek "Slush" Palatinus},
	title = {[{A}{N}{N}] {S}tratum mining protocol - {A}{S}{I}{C} ready --- bitcointalk.org},
	howpublished = {\url{https://bitcointalk.org/index.php?topic=108533.0}},
	year = {2012},
    month = sep
}
@misc{googleStratumNetwork,
	author = {Marek "Slush" Palatinus},
	title = {{S}tratum - network protocol spec --- docs.google.com},
	howpublished = {\url{https://docs.google.com/document/d/17zHy1SUlhgtCMbypO8cHgpWH73V5iUQKk_0rWvMqSNs/edit?hl=en_US.}},
	year = {},
	note = {[Accessed 06-Jul-2023]},
}
@misc{braiinsStratumDocs,
	author = {Marek "Slush" Palatinus},
	title = {{S}tratum {V}1 {D}ocs | {M}ining {P}rotocol --- braiins.com},
	howpublished = {\url{https://braiins.com/stratum-v1/docs}},
	year = {2012},
}
@misc{bitcoinStratumMining,
	title = {{S}tratum mining protocol - {B}itcoin {W}iki --- en.bitcoin.it},
	howpublished = {\url{https://en.bitcoin.it/wiki/Stratum_mining_protocol}},
}
@conference{blackhatasia,
    title= {Disappeared Coins: Steal Hashrate in Stratum Secretly.},
    author = {Liu, X. and Chong, R. and Huang, Y. and Zhang, Y. and Zhou, Q.},
    year = {2021},
    note= {Blackhat Asia},
    URL= {https://i.blackhat.com/asia-21/Thursday-Handouts/as-21-Liu-Disappeared-Coins-Steal-Hashrate-In-Stratum-Secretly.pdf},
}
@misc{jobinjection,
  title = {Job Injection Based on Set\_extranonce},
  howpublished = {\url{https://www.youtube.com/watch?v=ZvpdOj6U0vM}},
  author = {Eddy Zhang},
  year = {2021},
}
@misc{sv2video,
  title = {Bitcoin Mining Stratum V2 - Behind the scenes with Slush Pool's CEOs \& Square Crypto's Matt Corallo},
  howpublished = {\url{https://www.youtube.com/watch?v=sp6QEFzkAyI}},
  author = {Braiins},
  year = {2020},
}
@misc{noiseprotocolNoiseProtocol,
	author = {Trevor Perrin (noise@trevp.net)},
	title = {{T}he {N}oise {P}rotocol {F}ramework --- noiseprotocol.org},
	howpublished = {\url{https://noiseprotocol.org/noise.html}},
}
@misc{galaxyFutureBitcoin,
	author = {Rachel Rybarczyk},
	title = {{T}he {F}uture of {B}itcoin {M}ining {P}rotocols: {M}aking {E}very {W}att {C}ount  --- galaxy.com},
	howpublished = {\url{https://www.galaxy.com/research/insights/future-of-bitcoin-mining-protocols/}},
	year = {2022},
}
@misc{githubSv2spec04ProtocolSecuritymdMain,
	title = {Stratum {V}2 - Protocol Security Specifications - stratum-mining/sv2-spec --- github.com},
	howpublished = {\url{https://github.com/stratum-mining/sv2-spec/blob/main/04-Protocol-Security.md}},
}
@misc{braiinsBitcoinsDecentralization,
	title = {{B}itcoin's {D}ecentralization with {S}tratum {V}2 | {B}raiins --- braiins.com},
	howpublished = {\url{https://braiins.com/blog/stratum-v2-bitcoin-decentralization}},
	year = {2020},
}
@misc{braiinsStratumNext,
	title = {{S}tratum {V}2 | {T}he next generation protocol for pooled mining --- braiins.com},
	howpublished = {\url{https://braiins.com/stratum-v2}},
}
@misc{braiinsDrivingStratum,
	title = {{D}riving {S}tratum {V}2 {A}doption with {B}raiins {O}{S}+ {A}utotuning {F}irmware | {B}raiins --- braiins.com},
	howpublished = {\url{https://braiins.com/blog/driving-stratum-v2-adoption-with-braiins-os-autotuning-firmware}},
	year = {2020},
}
@misc{bitcoinmagazinesv2,
	author = {btccasey},
	title = {Developers Announce Stratum v2 Update For Decentralized Bitcoin Mining --- bitcoinmagazine.com},
	howpublished = {\url{https://bitcoinmagazine.com/technical/developers-announce-stratum-v2-update-for-decentralized-bitcoin\\-mining}},
	year = {2023},
}
@misc{stratumprotocolStratumV2,
	title = {{S}tratum{V}2 --- stratumprotocol.org},
	howpublished = {\url{https://stratumprotocol.org/}},
}
@misc{githubGitHubStratumminingbitcoin,
	title = {Template provider - stratum-mining/bitcoin at last-tested-tp --- github.com},
	howpublished = {\url{https://github.com/stratum-mining/bitcoin/tree/last-tested-tp}},
}
@misc{githubWIPStratum,
	author = {ccdle12},
	title = {[{W}{I}{P}] add a stratum v2 template provider by ccdle12 Â· {P}ull {R}equest \#27854 - bitcoin/bitcoin --- github.com},
	howpublished = {\url{https://github.com/bitcoin/bitcoin/pull/27854}},
}
@misc{githubStratummining,
	title = {stratum-mining --- github.com},
	howpublished = {\url{https://github.com/stratum-mining/}},
}
@misc{githubSv2spec05MiningProtocolmdMain,
	title = {Stratum {V}2 - Mining Protocol Specifications - stratum-mining/sv2-spec --- github.com},
	howpublished = {\url{https://github.com/stratum-mining/sv2-spec/blob/main/05-Mining-Protocol.md#512-extended-channels}},
}
@misc{bitcointalkMiningPool,
	author = {chasdabigone},
	title = {{M}ining {P}ool {S}kimming --- bitcointalk.org},
	howpublished = {\url{https://bitcointalk.org/index.php?topic=1750050.0}},
}
@misc{bitcointalk1500P2pool,
	author = {forrestv},
	title = {p2pool: {D}ecentralized, {D}o{S}-resistant, {H}op-{P}roof pool --- bitcointalk.org},
	howpublished = {\url{https://bitcointalk.org/index.php?topic=18313.0}},
}
@misc{linuxfoundationbitcoindevPayout,
	author = {Fi3 and Lorban},
	title = {[bitcoin-dev] {A} payout scheme for a non custodial mining pool --- lists.linuxfoundation.org},
	howpublished = {\url{https://www.mail-archive.com/bitcoin-dev@lists.linuxfoundation.org/msg12616.html}},
	year = {},
	note = {[Accessed 06-Jul-2023]},
}
@misc{googleRFCpayment_pools03,
	author = {Fi3 and Lorban and Rachel Rybarczyk},
	title = {{R}{F}{C}-payment\_pools-0.3 --- docs.google.com},
	howpublished = {\url{https://docs.google.com/document/d/1qiOOSOT7epX658_nhjz-jj0DlnSRvytemOv\_u\_OtMcc/edit\#heading=h.z5edqe4exehb}},
}
@misc{anyprevoutBIP118SIGHASH_ANYPREVOUT,
	author = {Christian, Decker and Anthony, Towns},
	title = {{B}{I}{P}118 - {S}{I}{G}{H}{A}{S}{H}\_{A}{N}{Y}{P}{R}{E}{V}{O}{U}{T} for {T}aproot {S}cripts --- bips.xyz},
	howpublished = {\url{https://bips.xyz/118}},
	year = {2017},
}